%%% ====================================================================
%%%  BibTeX-file{
%%%     filename        = "icmmcm.bib",
%%%     version         = "1.0",
%%%     date            = "2003/02/04",
%%%     author          = "C.M. Connelly",
%%%     address         = "Department of Mathematics,
%%%                        Harvey Mudd College,
%%%                        1250 North Dartmouth Avenue,
%%%                        Claremont, CA  91711,
%%%                        USA",
%%%     telephone       = "909-621-8754",
%%%     FAX             = "909-621-8366",
%%%     email           = "cmc at math.hmc.edu (Internet)",
%%%     copyright       = "Public Domain.",
%%%     supported       = "no",
%%%     keywords        = "bibtex, bibliography, amslatex, ams-latex",
%%%     abstract        = "A file of BibTeX entries for use with the 
%%%                        ICM/MCM Contest sample document.",
%%%  }
%%% ====================================================================
 
@article{GloVe,
  author =	 "Pennington, Jeffrey and Socher, Richard and       Manning, Christopher.",
  title =	 "Glove: Global vectors for word representation.",
  journal =	 "Proceedings of the 2014 conference on empirical methods in natural language processing (EMNLP)",
  year =	 2014,
  pages =	 "1532--1543",
}


@article{Mikolov,
  author =	 "Le, Quoc, and Tomas Mikolov.",
  title =	 "Distributed representations of sentences and documents.",
  journal =	 "International Conference on Machine Learning",
  year =	 2014,
  pages =	 "1188--1196",
}

@misc{Shperber,
  author =	 "Shperber, Gidi",
  title =	 "\text{A Gentle Introduction to Doc2Vec - ScaleAbout - Medium}.",
  howpublished = "Available online at {medium.com}",
  year =	 2017,
}

@misc{Xu,
  author =	 "Xu, Joyce",
  title =	 "Topic Modeling with \text{LSA}, \text{PSLA}, \text{LDA} & \text{Lda2Vec} - \text{NanoNets} - Medium.",
  howpublished = "Available online at {medium.com}",
  year =	 2018,
}

@misc{McCormick,
  author =	 "McCormick, Chris",
  title =	 "\text{Word2Vec Tutorial - The Skip-Gram Model.}",
  howpublished = "Available online at {mccormickml.com}",
  year =	 2018,
}


@misc{Greene,
  author =	 "Greene, Derek",
  title =	 "Parameter \text{Selection for NMF}.",
  howpublished = "Available online at {gitHub.com}",
  year =	 2017,
}

@misc{Positas,
  author =	 "\text{Las Positas College}.",
  title =	 "\text{Las Positas College CurricUNET}.",
  howpublished = "Available online at \url{http://www.laspositascollege.edu/onlinelearning/
  faculty/distance_education/handbook/syllabus.php}",
  year =	 2019,
}

@article{Sojka,
  author =	 "Rehurek,Radim and Sojka,Petr",
  title =	 "\text{Software Framework for Topic Modelling}
  with \text{Large Corpora}.",
  year =	 2010,
}

@article{Pedregosa,
  author =	 "Pedregosa,Fabian",
  title   =  "Scikit-learn: Machine \text{Learning in Python}",
  journal =	 "\text{Journal of Machine Learning Research 12}.",
  year =	 2011,
  pages =	 "2825--2830",
}

@article{Shuai,
  author =	 "Shuai,W",
  title   =  "\text{Topic Modeling and t-SNE Visualization.}",
  journal =	 "\text{Shuai's AI & Data Blog}.",
  year =	 2016,
}


@misc{ieswebsite,
    author     = "\text{Institute of Education Science Website}",
    url       = "https://ies.ed.gov/aboutus/",
    year = 2019,
}

@INPROCEEDINGS{8190598, 
author={T. {Sekiya} and Y. {Matsuda} and K. {Yamaguchi}}, 
booktitle={2017 IEEE Frontiers in Education Conference (FIE)}, 
title={A web-based curriculum engineering tool for investigating syllabi in topic space of standard computer science curricula}, 
year={2017}, 
volume={}, 
number={}, 
pages={1-9}, 
keywords={computer aided instruction;computer science education;educational courses;Internet;learning (artificial intelligence);probability;web-based curriculum engineering tool;computer science syllabi;probabilistic topic model;Science Curricula CS2013;standard curricular guidelines;machine learning method;course syllabus;university students;standard computer science curricula;Tools;Computer science;Probabilistic logic;Computational modeling;Education;Standards}, 
doi={10.1109/FIE.2017.8190598}, 
ISSN={}, 
month={Oct},
}

@inproceedings{hall08,
author={David L.W. Hall and Daniel Jurafsky and Christopher D. Manning },
title={Studying the History of Ideas Using Topic Models},
booktitle={Empirical Methods in Natural Language Processing (EMNLP)},
year={2008},
URL={pubs/hall-emnlp08.pdf},
}

@inproceedings{Blei,
author={David M. Blei, Andrew Y. Ng, and Michael I. Jordan },
title={Latent dirichlet allocation},
booktitle={Journal of machine Learning research},
year={2003},
URL={http://www.jmlr.org/papers/volume3/blei03a/blei03a.pdf}
}

@article{chen_zhang_liu_ye_lin_2019, 
    title={Experimental explorations on short text topic mining between \text{LDA and NMF based Schemes}}, 
    volume={163}, 
    journal={Knowledge-Based Systems}, 
    author={Chen, Yong and Zhang, Hui and Liu, Rui and Ye, Zhiwen and Lin, Jiangying}, 
    year={2019}, 
    month={Jan}, 
    pages={1â€“13}}